@article{einstein,
  author =       "Albert Einstein",
  title =        "{Zur Elektrodynamik bewegter K{\"o}rper}. ({German})
                 [{On} the electrodynamics of moving bodies]",
  journal =      "Annalen der Physik",
  volume =       "322",
  number =       "10",
  pages =        "891--921",
  year =         "1905",
  DOI =          "http://dx.doi.org/10.1002/andp.19053221004"
}

@book{latexcompanion,
    author    = "Michel Goossens and Frank Mittelbach and Alexander Samarin",
    title     = "The \LaTeX\ Companion",
    year      = "1993",
    publisher = "Addison-Wesley",
    address   = "Reading, Massachusetts"
}
 
@misc{knuthwebsite,
    author    = "Donald Knuth",
    title     = "Knuth: Computers and Typesetting",
    url       = "http://www-cs-faculty.stanford.edu/\~{}uno/abcde.html"
}


@book{CormenIntoAlg,
    author = "Cormen, T. H. and Leiserson, C. E. and Rivest, R. L.",
    title = "{I}ntroduction to {A}lgorithms",
    publisher = "MIT Press",
    year = "2009"
}

@misc{Graf,
    author = "Zacharovas, Vytas",
    title = "{G}raf≈≥ teorija",
    url = "https://klevas.mif.vu.lt/~vytzach/cgi-bin/grafu_teorija.pdf",
    year = "2018"
}

@book{GTWA,
    title = "{G}raph {T}heory with {A}pplications",
    author = "Blondy, J. A. and Murty, U. S. R.",
    publisher = "Elsevier Science Publishing Co., Inc.",
    year = "1976",
    url = "http://www.zib.de/groetschel/teaching/WS1314/BondyMurtyGTWA.pdf",
}

@misc{slides,
    author = "Schwarz, Keith",
    title = "{Fundamental Graph Algorithms}",
    year = "2013",
    url = "https://web.stanford.edu/class/archive/cs/cs161/cs161.1138/lectures"
}

@book{LDG,
    title = "{Lists, Decisions and Graphs}",
    author = "Bender,Edward A. and Williamson, S. Gill",
    year = "2010",
    publisher = "Springer",
    url = "https://cseweb.ucsd.edu/~gill/BWLectSite/Resources/LDGbookCOV.pdf"
}